@incollection{Lovell2002,
  author    = {Lovell, C. A. Knox},
  title     = {Performance Assessment in the Public Sector},
  booktitle = {Efficiency in the Public Sector},
  pages     = {9--35},
  editor    = {Fox, Kevin J.},
  year      = {2002},
  publisher = {Springer},
  address   = {Dordrecht}
}

@incollection{Yaisawarng2002,
  author    = {Yaisawarng, Suthathip},
  title     = {Performance Measurement and Resource Allocation},
  booktitle = {Efficiency in the Public Sector},
  pages     = {61--81},
  editor    = {Fox, Kevin J.},
  year      = {2002},
  publisher = {Springer},
  address   = {Dordrecht}
}

@article{Curristine2007,
  author    = {Curristine, Teresa and Lonti, Zsuzsanna and Joumard, Isabelle},
  title     = {Improving public sector efficiency: Challenges and opportunities},
  journal   = {OECD Journal on Budgeting},
  volume    = {7},
  number    = {1},
  pages     = {1--41},
  year      = {2007},
  publisher = {OECD}
}

@article{Chong2009,
  author  = {Chong, Kar{-}Ming and Dolley, Colin and Houghton, Keith and Monroe, Gary S.},
  title   = {Effect of outsourcing public sector audits on cost-efficiency},
  journal = {Accounting \& Finance},
  volume  = {49},
  number  = {4},
  pages   = {675--695},
  year    = {2009},
  doi     = {10.1111/j.1467-629X.2009.00302.x}
}

@article{Zeitsch1996,
  author  = {Zeitsch, John and Dollery, Brian and Byrnes, James},
  title   = {Frontier benchmarking and financial and service performance: An investigation of Australian local government},
  journal = {Public Finance and Management},
  volume  = {1},
  number  = {1},
  pages   = {25--48},
  year    = {1996}
}


#Podatki

@misc{cms_nhe,
  author       = {{Centers for Medicare & Medicaid Services}},
  title        = {National Health Expenditure Data},
  year         = {2024},
  url          = {https://www.cms.gov/data-research/statistics-trends-and-reports/national-health-expenditure-data},
  note         = {Accessed: 2025-05-15}
}

@misc{census_population,
  author       = {{U.S. Census Bureau}},
  title        = {National Population Totals and Components of Change: 2020-2023},
  year         = {2024},
  url          = {https://www.census.gov/data/tables/time-series/demo/popest/2020s-national-total.html},
  note         = {Accessed: 2025-05-15}
}

@misc{bea_gdp,
  author       = {{U.S. Bureau of Economic Analysis}},
  title        = {Gross Domestic Product (GDP)},
  year         = {2024},
  url          = {https://www.bea.gov/data/gdp/gross-domestic-product},
  note         = {Accessed: 2025-05-15}
}

@article{healthaffairs2024,
  author       = {Hartman, Micah and Martin, Anne and Lassman, David and Catlin, Aaron},
  title        = {National Health Care Spending In 2023: Growth Returns To Pre-Pandemic Levels},
  journal      = {Health Affairs},
  year         = {2024},
  volume       = {43},
  number       = {1},
  pages        = {10--20},
  doi          = {10.1377/hlthaff.2024.01375}
}

@misc{owid_healthcare,
  author       = {{Our World in Data}},
  title        = {Healthcare expenditure by country},
  year         = {2024},
  url          = {https://ourworldindata.org/grapher/us-healthcare-expenditure},
  note         = {Accessed: 2025-05-15}
}

@misc{stat_si_2022,
  author       = {{Statistical Office of the Republic of Slovenia}},
  title        = {Health expenditure and sources of funding, 2022},
  year         = {2024},
  url          = {https://www.stat.si/StatWeb/en/News/Index/12869},
  note         = {Accessed: 2025-05-15}
}

@misc{stat_si_2021,
  author       = {{Statistical Office of the Republic of Slovenia}},
  title        = {Health expenditure and sources of funding, 2021},
  year         = {2023},
  url          = {https://www.stat.si/StatWeb/en/News/Index/11179},
  note         = {Accessed: 2025-05-15}
}

@misc{stat_si_2020,
  author       = {{Statistical Office of the Republic of Slovenia}},
  title        = {Health expenditure and sources of funding, 2020},
  year         = {2022},
  url          = {https://www.stat.si/StatWeb/en/News/Index/10394},
  note         = {Accessed: 2025-05-15}
}

@misc{stat_si_2019,
  author       = {{Statistical Office of the Republic of Slovenia}},
  title        = {Health expenditure and sources of funding, 2019},
  year         = {2021},
  url          = {https://www.stat.si/StatWeb/en/News/Index/9634},
  note         = {Accessed: 2025-05-15}
}

@misc{stat_si_2017,
  author       = {{Statistical Office of the Republic of Slovenia}},
  title        = {Health expenditure and sources of funding, 2017},
  year         = {2019},
  url          = {https://www.stat.si/StatWeb/en/News/Index/8197},
  note         = {Accessed: 2025-05-15}
}

@misc{stat_si_2016,
  author       = {{Statistical Office of the Republic of Slovenia}},
  title        = {Health expenditure and sources of funding, 2016},
  year         = {2018},
  url          = {https://www.stat.si/StatWeb/en/News/Index/7478},
  note         = {Accessed: 2025-05-15}
}



@misc{macrotrends_slovenia_healthcare_spending,
  author       = {{MacroTrends}},
  title        = {Slovenia Healthcare Spending 2000-2025},
  year         = {2025},
  url          = {https://www.macrotrends.net/global-metrics/countries/SVN/slovenia/healthcare-spending},
  note         = {Accessed May 2025}
}

@misc{indexmundi_slovenia_health_expenditure,
  author       = {{IndexMundi}},
  title        = {Slovenia - Current health expenditure},
  year         = {2025},
  url          = {https://www.indexmundi.com/facts/slovenia/current-health-expenditure},
  note         = {Accessed May 2025}
}

@misc{statista_hospital_beds_slovenia,
  author       = {{Statista}},
  title        = {Hospital beds in Slovenia 2010-2021},
  year         = {2024},
  url          = {https://www.statista.com/statistics/557345/hospital-beds-in-slovenia/},
  note         = {Accessed May 2025}
}

@misc{who_ddd_data,
  author       = {{World Health Organization (WHO)}},
  title        = {Defined Daily Dose (DDD) Data},
  year         = {2023},
  url          = {https://www.who.int/tools/atc-ddd-toolkit/ddd},
  note         = {Accessed May 2025}
}

@misc{who_health_workforce,
  author       = {{World Health Organization (WHO)}},
  title        = {Global Health Workforce Statistics},
  year         = {2023},
  url          = {https://www.who.int/data/gho/data/themes/topics/health-workforce},
  note         = {Accessed May 2025}
}